<?xml version="1.0" encoding="UTF-8"?><collection><record><leader>05474ntm a2200577 a 4500</leader><controlfield tag="001">005984415</controlfield><controlfield tag="003">MiAaHDL</controlfield><controlfield tag="005">20190719000000.0</controlfield><controlfield tag="006">m        d        </controlfield><controlfield tag="007">cr bn ---auaua</controlfield><controlfield tag="008">090403q14501550xx            00| ||ara d</controlfield><datafield tag="035" ind1=" " ind2=" "><subfield code="a">(MiU)005984415</subfield></datafield><datafield tag="035" ind1=" " ind2=" "><subfield code="a">sdr-miu005984415</subfield></datafield><datafield tag="040" ind1=" " ind2=" "><subfield code="a">MiU</subfield><subfield code="c">MiU</subfield><subfield code="e">amremm</subfield></datafield><datafield tag="043" ind1=" " ind2=" "><subfield code="a">n-us-mi</subfield></datafield><datafield tag="100" ind1="0" ind2=" "><subfield code="6">880-01</subfield><subfield code="a">Muʼayyad billāh Aḥmad ibn al-Ḥusayn,</subfield><subfield code="d">944 or 945-1030?</subfield></datafield><datafield tag="245" ind1="1" ind2="0"><subfield code="6">880-02</subfield><subfield code="a">[Siyāsat al-murīdīn,</subfield><subfield code="f">late 15th or early 16th century?].</subfield></datafield><datafield tag="246" ind1="3" ind2=" "><subfield code="i">Title in GAL:</subfield><subfield code="a">Siyāsat al-murtaddīn</subfield></datafield><datafield tag="246" ind1="3" ind2=" "><subfield code="i">Title from inscription on fol.1a (p.1):</subfield><subfield code="a">كتاب التصوف</subfield></datafield><datafield tag="246" ind1="3" ind2=" "><subfield code="i">Title from inscription on fol.1a (p.1):</subfield><subfield code="a">مناهج الابرار</subfield></datafield><datafield tag="260" ind1=" " ind2=" "><subfield code="c">[1450-1550?].</subfield></datafield><datafield tag="300" ind1=" " ind2=" "><subfield code="a">67 leaves :</subfield><subfield code="b">paper ;</subfield><subfield code="c">180 x 130 (114 x 71) mm. bound to 180 x 131-135 mm.</subfield></datafield><datafield tag="500" ind1=" " ind2=" "><subfield code="a">Shelfmark: Ann Arbor, University of Michigan, Special Collections Library, Isl. Ms. 36</subfield></datafield><datafield tag="500" ind1=" " ind2=" "><subfield code="a">Origin: Lacks dated colophon ; paper may suggest late 15th or 16th century.</subfield></datafield><datafield tag="500" ind1=" " ind2=" "><subfield code="a">Former shelfmark: British Museum, London "No. 34. Manahij al-abrar." ; on tail edge "۲٤٣".</subfield></datafield><datafield tag="500" ind1=" " ind2=" "><subfield code="a">Binding: Pasteboards covered in marbled paper (pink, blue, white) with spine, fore-edge flap, and edges/turn-ins in red leather ; Type II binding (with flap) ; board linings in paper ; sewn in cream thread, two stations ; endbands virtually gone, only traces of primaries remain ; in poor condition with flap ill-fitting and much abrasion, staining, pest damage and numerous repairs in heavy textured tape.</subfield></datafield><datafield tag="500" ind1=" " ind2=" "><subfield code="a">Support: non-European (likely Persian) laid paper with laid lines, somewhat indistinct, oriented horizontally and spaced 6-7 laid lines per cm. ; chain lines only sporadically visible as short lengths or a few cases in pairs (spaced roughly 16 mm. between the chains) ; lightly sized and burnished ; more rough than smooth.</subfield></datafield><datafield tag="500" ind1=" " ind2=" "><subfield code="a">Decoration: Written area surrounded by a simple rule-border of blue fillets ; text rubricated with keywords in red.</subfield></datafield><datafield tag="500" ind1=" " ind2=" "><subfield code="a">Script: Nastaʻlīq (talik) ; large, elegant hand ; sans serif ; effect of words descending to baseline ; slight tilt to the left ; contrast in line thickness with heavier horizontal strokes ; initial hāʼ looking like two inverted commas.</subfield></datafield><datafield tag="500" ind1=" " ind2=" "><subfield code="a">Layout: Written in 8 lines per page ; frame-ruled (impression of ruling board evident).</subfield></datafield><datafield tag="500" ind1=" " ind2=" "><subfield code="a">Collation: IV-1 (7), 7 IV(63), 2 I(67) ; chiefly quaternions ; catchwords present ; pagination in pencil, Western numerals, supplied during digitization.</subfield></datafield><datafield tag="500" ind1=" " ind2=" "><subfield code="a">Explicit: "التفت اليهما فقالت ما حاجتكما فقالا جئناك زائرين مسلمين قالت قد خلفتما قوما عني لا تشغلاني عن عبادة ربي فاني ابادر طي صحيفتي فسئل عنها فقيل هذه مليكة بنت محمد بن المكندر [ اي المنكدر] بلغ مبلغه [كذا]"</subfield></datafield><datafield tag="500" ind1=" " ind2=" "><subfield code="a">Incipit: "الحمد لله الذي جعل لنا الى سلوك مناهج الابرار سبلا لائحة ونصب لنا على لزوم مدارج الاخيار ادلة واضحة ... وبعد فاني لما رايت مجالس العلوم في زماننا هذا بتجلي العلوم وغامضها معمورة وخطوطها اهلها منها موفورة الا علوم المعاملة فانها اصبحت منبوذة مهجورة ..."</subfield></datafield><datafield tag="500" ind1=" " ind2=" "><subfield code="a">Title from inscription on 'title page' fol.1a (p.1).</subfield></datafield><datafield tag="500" ind1=" " ind2=" "><subfield code="a">Ms. codex.</subfield></datafield><datafield tag="510" ind1="4" ind2=" "><subfield code="a">مؤلفات الزيدية: جلد2، صفحه 105</subfield></datafield><datafield tag="510" ind1="4" ind2=" "><subfield code="a">Brockelmann, C. GAL,</subfield><subfield code="c">I 186 ; SI 317-318</subfield></datafield><datafield tag="520" ind1="8" ind2=" "><subfield code="a">Elegant copy of the work on religious life for the seeker or Sūfī novice by the Zaydī imām al-Muʼayyad Billāh Aḥmad ibn al-Ḥusayn.</subfield></datafield><datafield tag="538" ind1=" " ind2=" "><subfield code="a">Mode of access: Internet.</subfield></datafield><datafield tag="541" ind1=" " ind2=" "><subfield code="c">Purchase ;</subfield><subfield code="a">Acquired by purchase along with Abdul Hamid Collection (funds donated by Horace Rackham).</subfield><subfield code="d">1924.</subfield></datafield><datafield tag="546" ind1=" " ind2=" "><subfield code="a">Arabic.</subfield></datafield><datafield tag="561" ind1=" " ind2=" "><subfield code="a">Bookplate of British Museum, London on inner front cover, "British Museum, London. No. 34. Manahij al-abrar." ; circular seal impression with figure of goat / gazelle in purple ink as well as inscription "482" in Western numerals on fol.1a (p.1) ; circular waqf-seal impression in black ink appears on fol.1a (p.1) and elsewhere throughout, reads: "هذا وقف الراجي فيض الصمدي الشيخ احمد ضيا الدين ابن مصطفى الخالدي فمن بدله بعد ما سمعه فانما اثمه على الذين يبدلونه" in name of Aḥmad Ḍiyāʼ al-Dīn ibn Muṣṭafá al-Khālidī (i.e. Ahmed Ziyâüddîn Gümüşhanevî, d. 1893 or 4) ; on fol.1b (p.1) "وقف" written in the otherwise blank upper rectangular panel (possibly intended for a headpiece) ; a few marginal corrections.</subfield></datafield><datafield tag="650" ind1=" " ind2="0"><subfield code="a">Manuscripts, Arabic</subfield><subfield code="z">Michigan</subfield><subfield code="z">Ann Arbor.</subfield></datafield><datafield tag="650" ind1=" " ind2="0"><subfield code="a">Zaydīs</subfield><subfield code="v">Early works to 1800.</subfield></datafield><datafield tag="650" ind1=" " ind2="0"><subfield code="a">Sufism</subfield><subfield code="v">Early works to 1800.</subfield></datafield><datafield tag="650" ind1=" " ind2="0"><subfield code="a">Religious life</subfield><subfield code="x">Islam</subfield><subfield code="v">Early works to 1800.</subfield></datafield><datafield tag="650" ind1=" " ind2="0"><subfield code="a">Repentance</subfield><subfield code="x">Islam</subfield><subfield code="v">Early works to 1800.</subfield></datafield><datafield tag="650" ind1=" " ind2="0"><subfield code="a">Muslims</subfield><subfield code="x">Conduct of life</subfield><subfield code="v">Early works to 1800.</subfield></datafield><datafield tag="773" ind1="0" ind2=" "><subfield code="a">Tiflis Collection.</subfield></datafield><datafield tag="880" ind1="1" ind2="0"><subfield code="6">245-02/</subfield><subfield code="a">[سياسة المريدين,</subfield><subfield code="f">اواخر القرن 15 او اوائل القرن 16م؟].</subfield></datafield><datafield tag="880" ind1="0" ind2=" "><subfield code="6">100-01/</subfield><subfield code="a">مؤيد بالله أحمد بن الحسين.</subfield></datafield><datafield tag="CID" ind1=" " ind2=" "><subfield code="a">005984415</subfield></datafield><datafield tag="DAT" ind1="0" ind2=" "><subfield code="a">20190719102633.0</subfield><subfield code="b">20190719000000.0</subfield></datafield><datafield tag="DAT" ind1="1" ind2=" "><subfield code="a">20190719090653.0</subfield><subfield code="b">2019-07-19T16:11:09Z</subfield></datafield><datafield tag="DAT" ind1="2" ind2=" "><subfield code="a">2015-10-02T18:00:03Z</subfield></datafield><datafield tag="CAT" ind1=" " ind2=" "><subfield code="a">SDR-MIU</subfield><subfield code="d">EX LIBRIS - ALEPH</subfield><subfield code="l">prepare.pl-004-008</subfield></datafield><datafield tag="FMT" ind1=" " ind2=" "><subfield code="a">BK</subfield></datafield><datafield tag="HOL" ind1=" " ind2=" "><subfield code="0">sdr-miu005984415</subfield><subfield code="a">MiU</subfield><subfield code="b">SDR</subfield><subfield code="c">MIU</subfield><subfield code="p">mdp.39015079105493</subfield><subfield code="s">MIU</subfield><subfield code="1">005984415</subfield></datafield><datafield tag="974" ind1=" " ind2=" "><subfield code="b">MIU</subfield><subfield code="c">MIU</subfield><subfield code="d">20190719</subfield><subfield code="s">lit-dlps-dc</subfield><subfield code="u">mdp.39015079105493</subfield><subfield code="y">1550</subfield><subfield code="r">pd</subfield><subfield code="q">bib</subfield><subfield code="t">non-US bib date2 &lt; 1879</subfield></datafield></record></collection>